@inproceedings{DingAIStats2015,
  title={A Topic Modeling Approach to Ranking},
  author={{W.~Ding, P.~Ishwar, and V.~Saligrama}},
  booktitle={Proc.~Int.~Conf. on Artificial Intelligence and Statistics},
  address = {{San Diego, CA}},
  month = {{9--12 May}},
  year={2015}

}
